%YAML 1.1
%TAG !u! tag:unity3d.com,2011:
--- !u!114 &6170294336235604080
MonoBehaviour:
  m_ObjectHideFlags: 0
  m_CorrespondingSourceObject: {fileID: 0}
  m_PrefabInstance: {fileID: 0}
  m_PrefabAsset: {fileID: 0}
  m_GameObject: {fileID: 1093640167991733364}
  m_Enabled: 1
  m_EditorHideFlags: 0
  m_Script: {fileID: 11500000, guid: 2bd49cfe55908114f8c39b1583138863, type: 3}
  m_Name: 
  m_EditorClassIdentifier: 
  pista: {fileID: 0}
  Contador: 0
--- !u!1 &1281007654937708059
GameObject:
  m_ObjectHideFlags: 0
  m_CorrespondingSourceObject: {fileID: 0}
  m_PrefabInstance: {fileID: 0}
  m_PrefabAsset: {fileID: 0}
  serializedVersion: 6
  m_Component:
  - component: {fileID: 8304232696987827554}
  - component: {fileID: 3662565822756708432}
  - component: {fileID: 359122056174013793}
  - component: {fileID: 1920065736228271548}
  m_Layer: 0
  m_Name: Trampa1 (3)
  m_TagString: Murillo
  m_Icon: {fileID: 0}
  m_NavMeshLayer: 0
  m_StaticEditorFlags: 0
  m_IsActive: 1
--- !u!4 &8304232696987827554
Transform:
  m_ObjectHideFlags: 0
  m_CorrespondingSourceObject: {fileID: 0}
  m_PrefabInstance: {fileID: 0}
  m_PrefabAsset: {fileID: 0}
  m_GameObject: {fileID: 1281007654937708059}
  m_LocalRotation: {x: -0, y: -0, z: -0, w: 1}
  m_LocalPosition: {x: 9.407658, y: -17.72081, z: 0}
  m_LocalScale: {x: 1, y: 1, z: 1}
  m_Children: []
  m_Father: {fileID: 9016540611547901709}
  m_RootOrder: 7
  m_LocalEulerAnglesHint: {x: 0, y: 0, z: 0}
--- !u!212 &3662565822756708432
SpriteRenderer:
  m_ObjectHideFlags: 0
  m_CorrespondingSourceObject: {fileID: 0}
  m_PrefabInstance: {fileID: 0}
  m_PrefabAsset: {fileID: 0}
  m_GameObject: {fileID: 1281007654937708059}
  m_Enabled: 1
  m_CastShadows: 0
  m_ReceiveShadows: 0
  m_DynamicOccludee: 1
  m_MotionVectors: 1
  m_LightProbeUsage: 1
  m_ReflectionProbeUsage: 1
  m_RenderingLayerMask: 1
  m_RendererPriority: 0
  m_Materials:
  - {fileID: 10754, guid: 0000000000000000f000000000000000, type: 0}
  m_StaticBatchInfo:
    firstSubMesh: 0
    subMeshCount: 0
  m_StaticBatchRoot: {fileID: 0}
  m_ProbeAnchor: {fileID: 0}
  m_LightProbeVolumeOverride: {fileID: 0}
  m_ScaleInLightmap: 1
  m_ReceiveGI: 1
  m_PreserveUVs: 0
  m_IgnoreNormalsForChartDetection: 0
  m_ImportantGI: 0
  m_StitchLightmapSeams: 1
  m_SelectedEditorRenderState: 0
  m_MinimumChartSize: 4
  m_AutoUVMaxDistance: 0.5
  m_AutoUVMaxAngle: 89
  m_LightmapParameters: {fileID: 0}
  m_SortingLayerID: 0
  m_SortingLayer: 0
  m_SortingOrder: 0
  m_Sprite: {fileID: 21300000, guid: 585a6fc9cda0deb42bb8685b8eec8b6f, type: 3}
  m_Color: {r: 0.4433962, g: 0.4433962, b: 0.4433962, a: 1}
  m_FlipX: 0
  m_FlipY: 0
  m_DrawMode: 0
  m_Size: {x: 1, y: 1}
  m_AdaptiveModeThreshold: 0.5
  m_SpriteTileMode: 0
  m_WasSpriteAssigned: 1
  m_MaskInteraction: 0
  m_SpriteSortPoint: 0
--- !u!50 &359122056174013793
Rigidbody2D:
  serializedVersion: 4
  m_ObjectHideFlags: 0
  m_CorrespondingSourceObject: {fileID: 0}
  m_PrefabInstance: {fileID: 0}
  m_PrefabAsset: {fileID: 0}
  m_GameObject: {fileID: 1281007654937708059}
  m_BodyType: 0
  m_Simulated: 1
  m_UseFullKinematicContacts: 0
  m_UseAutoMass: 0
  m_Mass: 1
  m_LinearDrag: 0
  m_AngularDrag: 0.05
  m_GravityScale: 1
  m_Material: {fileID: 0}
  m_Interpolate: 0
  m_SleepingMode: 1
  m_CollisionDetection: 0
  m_Constraints: 0
--- !u!61 &1920065736228271548
BoxCollider2D:
  m_ObjectHideFlags: 0
  m_CorrespondingSourceObject: {fileID: 0}
  m_PrefabInstance: {fileID: 0}
  m_PrefabAsset: {fileID: 0}
  m_GameObject: {fileID: 1281007654937708059}
  m_Enabled: 1
  m_Density: 1
  m_Material: {fileID: 0}
  m_IsTrigger: 0
  m_UsedByEffector: 0
  m_UsedByComposite: 0
  m_Offset: {x: 0, y: 0.14730835}
  m_SpriteTilingProperty:
    border: {x: 0, y: 0, z: 0, w: 0}
    pivot: {x: 0.5, y: 0.5}
    oldSize: {x: 1, y: 1}
    newSize: {x: 1, y: 1}
    adaptiveTilingThreshold: 0.5
    drawMode: 0
    adaptiveTiling: 0
  m_AutoTiling: 0
  serializedVersion: 2
  m_Size: {x: 1, y: 0.7053833}
  m_EdgeRadius: 0
--- !u!1 &4114169968115228272
GameObject:
  m_ObjectHideFlags: 0
  m_CorrespondingSourceObject: {fileID: 0}
  m_PrefabInstance: {fileID: 0}
  m_PrefabAsset: {fileID: 0}
  serializedVersion: 6
  m_Component:
  - component: {fileID: 762987821456404770}
  - component: {fileID: 7748226482489642225}
  - component: {fileID: 2869803651852755022}
  - component: {fileID: 3311060987947018164}
  m_Layer: 0
  m_Name: Trampa1 (6)
  m_TagString: Murillo
  m_Icon: {fileID: 0}
  m_NavMeshLayer: 0
  m_StaticEditorFlags: 0
  m_IsActive: 1
--- !u!4 &762987821456404770
Transform:
  m_ObjectHideFlags: 0
  m_CorrespondingSourceObject: {fileID: 0}
  m_PrefabInstance: {fileID: 0}
  m_PrefabAsset: {fileID: 0}
  m_GameObject: {fileID: 4114169968115228272}
  m_LocalRotation: {x: -0, y: -0, z: -0, w: 1}
  m_LocalPosition: {x: 6.9, y: -17.72081, z: 0.1328125}
  m_LocalScale: {x: 1, y: 1, z: 1}
  m_Children: []
  m_Father: {fileID: 9016540611547901709}
  m_RootOrder: 10
  m_LocalEulerAnglesHint: {x: 0, y: 0, z: 0}
--- !u!212 &7748226482489642225
SpriteRenderer:
  m_ObjectHideFlags: 0
  m_CorrespondingSourceObject: {fileID: 0}
  m_PrefabInstance: {fileID: 0}
  m_PrefabAsset: {fileID: 0}
  m_GameObject: {fileID: 4114169968115228272}
  m_Enabled: 1
  m_CastShadows: 0
  m_ReceiveShadows: 0
  m_DynamicOccludee: 1
  m_MotionVectors: 1
  m_LightProbeUsage: 1
  m_ReflectionProbeUsage: 1
  m_RenderingLayerMask: 1
  m_RendererPriority: 0
  m_Materials:
  - {fileID: 10754, guid: 0000000000000000f000000000000000, type: 0}
  m_StaticBatchInfo:
    firstSubMesh: 0
    subMeshCount: 0
  m_StaticBatchRoot: {fileID: 0}
  m_ProbeAnchor: {fileID: 0}
  m_LightProbeVolumeOverride: {fileID: 0}
  m_ScaleInLightmap: 1
  m_ReceiveGI: 1
  m_PreserveUVs: 0
  m_IgnoreNormalsForChartDetection: 0
  m_ImportantGI: 0
  m_StitchLightmapSeams: 1
  m_SelectedEditorRenderState: 0
  m_MinimumChartSize: 4
  m_AutoUVMaxDistance: 0.5
  m_AutoUVMaxAngle: 89
  m_LightmapParameters: {fileID: 0}
  m_SortingLayerID: 0
  m_SortingLayer: 0
  m_SortingOrder: 0
  m_Sprite: {fileID: 21300000, guid: 585a6fc9cda0deb42bb8685b8eec8b6f, type: 3}
  m_Color: {r: 0.4433962, g: 0.4433962, b: 0.4433962, a: 1}
  m_FlipX: 0
  m_FlipY: 0
  m_DrawMode: 0
  m_Size: {x: 1, y: 1}
  m_AdaptiveModeThreshold: 0.5
  m_SpriteTileMode: 0
  m_WasSpriteAssigned: 1
  m_MaskInteraction: 0
  m_SpriteSortPoint: 0
--- !u!50 &2869803651852755022
Rigidbody2D:
  serializedVersion: 4
  m_ObjectHideFlags: 0
  m_CorrespondingSourceObject: {fileID: 0}
  m_PrefabInstance: {fileID: 0}
  m_PrefabAsset: {fileID: 0}
  m_GameObject: {fileID: 4114169968115228272}
  m_BodyType: 0
  m_Simulated: 1
  m_UseFullKinematicContacts: 0
  m_UseAutoMass: 0
  m_Mass: 1
  m_LinearDrag: 0
  m_AngularDrag: 0.05
  m_GravityScale: 1
  m_Material: {fileID: 0}
  m_Interpolate: 0
  m_SleepingMode: 1
  m_CollisionDetection: 0
  m_Constraints: 0
--- !u!61 &3311060987947018164
BoxCollider2D:
  m_ObjectHideFlags: 0
  m_CorrespondingSourceObject: {fileID: 0}
  m_PrefabInstance: {fileID: 0}
  m_PrefabAsset: {fileID: 0}
  m_GameObject: {fileID: 4114169968115228272}
  m_Enabled: 1
  m_Density: 1
  m_Material: {fileID: 0}
  m_IsTrigger: 0
  m_UsedByEffector: 0
  m_UsedByComposite: 0
  m_Offset: {x: 0, y: 0.14730835}
  m_SpriteTilingProperty:
    border: {x: 0, y: 0, z: 0, w: 0}
    pivot: {x: 0.5, y: 0.5}
    oldSize: {x: 1, y: 1}
    newSize: {x: 1, y: 1}
    adaptiveTilingThreshold: 0.5
    drawMode: 0
    adaptiveTiling: 0
  m_AutoTiling: 0
  serializedVersion: 2
  m_Size: {x: 1, y: 0.7053833}
  m_EdgeRadius: 0
--- !u!1 &4646171837684653969
GameObject:
  m_ObjectHideFlags: 0
  m_CorrespondingSourceObject: {fileID: 0}
  m_PrefabInstance: {fileID: 0}
  m_PrefabAsset: {fileID: 0}
  serializedVersion: 6
  m_Component:
  - component: {fileID: 2486838721918592232}
  - component: {fileID: 7163403133218339290}
  - component: {fileID: 3341677807261678924}
  - component: {fileID: 1069038119387408069}
  m_Layer: 0
  m_Name: Trampa1 (1)
  m_TagString: Murillo
  m_Icon: {fileID: 0}
  m_NavMeshLayer: 0
  m_StaticEditorFlags: 0
  m_IsActive: 1
--- !u!4 &2486838721918592232
Transform:
  m_ObjectHideFlags: 0
  m_CorrespondingSourceObject: {fileID: 0}
  m_PrefabInstance: {fileID: 0}
  m_PrefabAsset: {fileID: 0}
  m_GameObject: {fileID: 4646171837684653969}
  m_LocalRotation: {x: -0, y: -0, z: -0, w: 1}
  m_LocalPosition: {x: 7.7254257, y: -17.72081, z: 0.1328125}
  m_LocalScale: {x: 1, y: 1, z: 1}
  m_Children: []
  m_Father: {fileID: 9016540611547901709}
  m_RootOrder: 9
  m_LocalEulerAnglesHint: {x: 0, y: 0, z: 0}
--- !u!212 &7163403133218339290
SpriteRenderer:
  m_ObjectHideFlags: 0
  m_CorrespondingSourceObject: {fileID: 0}
  m_PrefabInstance: {fileID: 0}
  m_PrefabAsset: {fileID: 0}
  m_GameObject: {fileID: 4646171837684653969}
  m_Enabled: 1
  m_CastShadows: 0
  m_ReceiveShadows: 0
  m_DynamicOccludee: 1
  m_MotionVectors: 1
  m_LightProbeUsage: 1
  m_ReflectionProbeUsage: 1
  m_RenderingLayerMask: 1
  m_RendererPriority: 0
  m_Materials:
  - {fileID: 10754, guid: 0000000000000000f000000000000000, type: 0}
  m_StaticBatchInfo:
    firstSubMesh: 0
    subMeshCount: 0
  m_StaticBatchRoot: {fileID: 0}
  m_ProbeAnchor: {fileID: 0}
  m_LightProbeVolumeOverride: {fileID: 0}
  m_ScaleInLightmap: 1
  m_ReceiveGI: 1
  m_PreserveUVs: 0
  m_IgnoreNormalsForChartDetection: 0
  m_ImportantGI: 0
  m_StitchLightmapSeams: 1
  m_SelectedEditorRenderState: 0
  m_MinimumChartSize: 4
  m_AutoUVMaxDistance: 0.5
  m_AutoUVMaxAngle: 89
  m_LightmapParameters: {fileID: 0}
  m_SortingLayerID: 0
  m_SortingLayer: 0
  m_SortingOrder: 0
  m_Sprite: {fileID: 21300000, guid: 585a6fc9cda0deb42bb8685b8eec8b6f, type: 3}
  m_Color: {r: 0.4433962, g: 0.4433962, b: 0.4433962, a: 1}
  m_FlipX: 0
  m_FlipY: 0
  m_DrawMode: 0
  m_Size: {x: 1, y: 1}
  m_AdaptiveModeThreshold: 0.5
  m_SpriteTileMode: 0
  m_WasSpriteAssigned: 1
  m_MaskInteraction: 0
  m_SpriteSortPoint: 0
--- !u!50 &3341677807261678924
Rigidbody2D:
  serializedVersion: 4
  m_ObjectHideFlags: 0
  m_CorrespondingSourceObject: {fileID: 0}
  m_PrefabInstance: {fileID: 0}
  m_PrefabAsset: {fileID: 0}
  m_GameObject: {fileID: 4646171837684653969}
  m_BodyType: 0
  m_Simulated: 1
  m_UseFullKinematicContacts: 0
  m_UseAutoMass: 0
  m_Mass: 1
  m_LinearDrag: 0
  m_AngularDrag: 0.05
  m_GravityScale: 1
  m_Material: {fileID: 0}
  m_Interpolate: 0
  m_SleepingMode: 1
  m_CollisionDetection: 0
  m_Constraints: 0
--- !u!61 &1069038119387408069
BoxCollider2D:
  m_ObjectHideFlags: 0
  m_CorrespondingSourceObject: {fileID: 0}
  m_PrefabInstance: {fileID: 0}
  m_PrefabAsset: {fileID: 0}
  m_GameObject: {fileID: 4646171837684653969}
  m_Enabled: 1
  m_Density: 1
  m_Material: {fileID: 0}
  m_IsTrigger: 0
  m_UsedByEffector: 0
  m_UsedByComposite: 0
  m_Offset: {x: 0, y: 0.14730835}
  m_SpriteTilingProperty:
    border: {x: 0, y: 0, z: 0, w: 0}
    pivot: {x: 0.5, y: 0.5}
    oldSize: {x: 1, y: 1}
    newSize: {x: 1, y: 1}
    adaptiveTilingThreshold: 0.5
    drawMode: 0
    adaptiveTiling: 0
  m_AutoTiling: 0
  serializedVersion: 2
  m_Size: {x: 1, y: 0.7053833}
  m_EdgeRadius: 0
--- !u!1 &6218613937425315884
GameObject:
  m_ObjectHideFlags: 0
  m_CorrespondingSourceObject: {fileID: 0}
  m_PrefabInstance: {fileID: 0}
  m_PrefabAsset: {fileID: 0}
  serializedVersion: 6
  m_Component:
  - component: {fileID: 3798072026598310741}
  - component: {fileID: 8457749056020504167}
  - component: {fileID: 7005693097045489403}
  - component: {fileID: 4642656803269684454}
  m_Layer: 0
  m_Name: Trampa1 (4)
  m_TagString: Murillo
  m_Icon: {fileID: 0}
  m_NavMeshLayer: 0
  m_StaticEditorFlags: 0
  m_IsActive: 1
--- !u!4 &3798072026598310741
Transform:
  m_ObjectHideFlags: 0
  m_CorrespondingSourceObject: {fileID: 0}
  m_PrefabInstance: {fileID: 0}
  m_PrefabAsset: {fileID: 0}
  m_GameObject: {fileID: 6218613937425315884}
  m_LocalRotation: {x: -0, y: -0, z: -0, w: 1}
  m_LocalPosition: {x: 10.240978, y: -17.721035, z: 0}
  m_LocalScale: {x: 1, y: 1, z: 1}
  m_Children: []
  m_Father: {fileID: 9016540611547901709}
  m_RootOrder: 6
  m_LocalEulerAnglesHint: {x: 0, y: 0, z: 0}
--- !u!212 &8457749056020504167
SpriteRenderer:
  m_ObjectHideFlags: 0
  m_CorrespondingSourceObject: {fileID: 0}
  m_PrefabInstance: {fileID: 0}
  m_PrefabAsset: {fileID: 0}
  m_GameObject: {fileID: 6218613937425315884}
  m_Enabled: 1
  m_CastShadows: 0
  m_ReceiveShadows: 0
  m_DynamicOccludee: 1
  m_MotionVectors: 1
  m_LightProbeUsage: 1
  m_ReflectionProbeUsage: 1
  m_RenderingLayerMask: 1
  m_RendererPriority: 0
  m_Materials:
  - {fileID: 10754, guid: 0000000000000000f000000000000000, type: 0}
  m_StaticBatchInfo:
    firstSubMesh: 0
    subMeshCount: 0
  m_StaticBatchRoot: {fileID: 0}
  m_ProbeAnchor: {fileID: 0}
  m_LightProbeVolumeOverride: {fileID: 0}
  m_ScaleInLightmap: 1
  m_ReceiveGI: 1
  m_PreserveUVs: 0
  m_IgnoreNormalsForChartDetection: 0
  m_ImportantGI: 0
  m_StitchLightmapSeams: 1
  m_SelectedEditorRenderState: 0
  m_MinimumChartSize: 4
  m_AutoUVMaxDistance: 0.5
  m_AutoUVMaxAngle: 89
  m_LightmapParameters: {fileID: 0}
  m_SortingLayerID: 0
  m_SortingLayer: 0
  m_SortingOrder: 0
  m_Sprite: {fileID: 21300000, guid: 585a6fc9cda0deb42bb8685b8eec8b6f, type: 3}
  m_Color: {r: 0.4433962, g: 0.4433962, b: 0.4433962, a: 1}
  m_FlipX: 0
  m_FlipY: 0
  m_DrawMode: 0
  m_Size: {x: 1, y: 1}
  m_AdaptiveModeThreshold: 0.5
  m_SpriteTileMode: 0
  m_WasSpriteAssigned: 1
  m_MaskInteraction: 0
  m_SpriteSortPoint: 0
--- !u!50 &7005693097045489403
Rigidbody2D:
  serializedVersion: 4
  m_ObjectHideFlags: 0
  m_CorrespondingSourceObject: {fileID: 0}
  m_PrefabInstance: {fileID: 0}
  m_PrefabAsset: {fileID: 0}
  m_GameObject: {fileID: 6218613937425315884}
  m_BodyType: 0
  m_Simulated: 1
  m_UseFullKinematicContacts: 0
  m_UseAutoMass: 0
  m_Mass: 1
  m_LinearDrag: 0
  m_AngularDrag: 0.05
  m_GravityScale: 1
  m_Material: {fileID: 0}
  m_Interpolate: 0
  m_SleepingMode: 1
  m_CollisionDetection: 0
  m_Constraints: 0
--- !u!61 &4642656803269684454
BoxCollider2D:
  m_ObjectHideFlags: 0
  m_CorrespondingSourceObject: {fileID: 0}
  m_PrefabInstance: {fileID: 0}
  m_PrefabAsset: {fileID: 0}
  m_GameObject: {fileID: 6218613937425315884}
  m_Enabled: 1
  m_Density: 1
  m_Material: {fileID: 0}
  m_IsTrigger: 0
  m_UsedByEffector: 0
  m_UsedByComposite: 0
  m_Offset: {x: 0, y: 0.14730835}
  m_SpriteTilingProperty:
    border: {x: 0, y: 0, z: 0, w: 0}
    pivot: {x: 0.5, y: 0.5}
    oldSize: {x: 1, y: 1}
    newSize: {x: 1, y: 1}
    adaptiveTilingThreshold: 0.5
    drawMode: 0
    adaptiveTiling: 0
  m_AutoTiling: 0
  serializedVersion: 2
  m_Size: {x: 1, y: 0.7053833}
  m_EdgeRadius: 0
--- !u!1 &6827069630910448938
GameObject:
  m_ObjectHideFlags: 0
  m_CorrespondingSourceObject: {fileID: 0}
  m_PrefabInstance: {fileID: 0}
  m_PrefabAsset: {fileID: 0}
  serializedVersion: 6
  m_Component:
  - component: {fileID: 4343472970203446867}
  - component: {fileID: 9056068360407507809}
  - component: {fileID: 4852374607191122496}
  - component: {fileID: 8755445421463447336}
  m_Layer: 0
  m_Name: Trampa1 (5)
  m_TagString: Murillo
  m_Icon: {fileID: 0}
  m_NavMeshLayer: 0
  m_StaticEditorFlags: 0
  m_IsActive: 1
--- !u!4 &4343472970203446867
Transform:
  m_ObjectHideFlags: 0
  m_CorrespondingSourceObject: {fileID: 0}
  m_PrefabInstance: {fileID: 0}
  m_PrefabAsset: {fileID: 0}
  m_GameObject: {fileID: 6827069630910448938}
  m_LocalRotation: {x: -0, y: -0, z: -0, w: 1}
  m_LocalPosition: {x: 11.074295, y: -17.721035, z: 0}
  m_LocalScale: {x: 1, y: 1, z: 1}
  m_Children: []
  m_Father: {fileID: 9016540611547901709}
  m_RootOrder: 5
  m_LocalEulerAnglesHint: {x: 0, y: 0, z: 0}
--- !u!212 &9056068360407507809
SpriteRenderer:
  m_ObjectHideFlags: 0
  m_CorrespondingSourceObject: {fileID: 0}
  m_PrefabInstance: {fileID: 0}
  m_PrefabAsset: {fileID: 0}
  m_GameObject: {fileID: 6827069630910448938}
  m_Enabled: 1
  m_CastShadows: 0
  m_ReceiveShadows: 0
  m_DynamicOccludee: 1
  m_MotionVectors: 1
  m_LightProbeUsage: 1
  m_ReflectionProbeUsage: 1
  m_RenderingLayerMask: 1
  m_RendererPriority: 0
  m_Materials:
  - {fileID: 10754, guid: 0000000000000000f000000000000000, type: 0}
  m_StaticBatchInfo:
    firstSubMesh: 0
    subMeshCount: 0
  m_StaticBatchRoot: {fileID: 0}
  m_ProbeAnchor: {fileID: 0}
  m_LightProbeVolumeOverride: {fileID: 0}
  m_ScaleInLightmap: 1
  m_ReceiveGI: 1
  m_PreserveUVs: 0
  m_IgnoreNormalsForChartDetection: 0
  m_ImportantGI: 0
  m_StitchLightmapSeams: 1
  m_SelectedEditorRenderState: 0
  m_MinimumChartSize: 4
  m_AutoUVMaxDistance: 0.5
  m_AutoUVMaxAngle: 89
  m_LightmapParameters: {fileID: 0}
  m_SortingLayerID: 0
  m_SortingLayer: 0
  m_SortingOrder: 0
  m_Sprite: {fileID: 21300000, guid: 585a6fc9cda0deb42bb8685b8eec8b6f, type: 3}
  m_Color: {r: 0.4433962, g: 0.4433962, b: 0.4433962, a: 1}
  m_FlipX: 0
  m_FlipY: 0
  m_DrawMode: 0
  m_Size: {x: 1, y: 1}
  m_AdaptiveModeThreshold: 0.5
  m_SpriteTileMode: 0
  m_WasSpriteAssigned: 1
  m_MaskInteraction: 0
  m_SpriteSortPoint: 0
--- !u!50 &4852374607191122496
Rigidbody2D:
  serializedVersion: 4
  m_ObjectHideFlags: 0
  m_CorrespondingSourceObject: {fileID: 0}
  m_PrefabInstance: {fileID: 0}
  m_PrefabAsset: {fileID: 0}
  m_GameObject: {fileID: 6827069630910448938}
  m_BodyType: 0
  m_Simulated: 1
  m_UseFullKinematicContacts: 0
  m_UseAutoMass: 0
  m_Mass: 1
  m_LinearDrag: 0
  m_AngularDrag: 0.05
  m_GravityScale: 1
  m_Material: {fileID: 0}
  m_Interpolate: 0
  m_SleepingMode: 1
  m_CollisionDetection: 0
  m_Constraints: 0
--- !u!61 &8755445421463447336
BoxCollider2D:
  m_ObjectHideFlags: 0
  m_CorrespondingSourceObject: {fileID: 0}
  m_PrefabInstance: {fileID: 0}
  m_PrefabAsset: {fileID: 0}
  m_GameObject: {fileID: 6827069630910448938}
  m_Enabled: 1
  m_Density: 1
  m_Material: {fileID: 0}
  m_IsTrigger: 0
  m_UsedByEffector: 0
  m_UsedByComposite: 0
  m_Offset: {x: 0, y: 0.1473074}
  m_SpriteTilingProperty:
    border: {x: 0, y: 0, z: 0, w: 0}
    pivot: {x: 0.5, y: 0.5}
    oldSize: {x: 1, y: 1}
    newSize: {x: 1, y: 1}
    adaptiveTilingThreshold: 0.5
    drawMode: 0
    adaptiveTiling: 0
  m_AutoTiling: 0
  serializedVersion: 2
  m_Size: {x: 1, y: 0.7053852}
  m_EdgeRadius: 0
--- !u!1 &8532583580118851783
GameObject:
  m_ObjectHideFlags: 0
  m_CorrespondingSourceObject: {fileID: 0}
  m_PrefabInstance: {fileID: 0}
  m_PrefabAsset: {fileID: 0}
  serializedVersion: 6
  m_Component:
  - component: {fileID: 1481773895293492158}
  - component: {fileID: 6159466439857702540}
  - component: {fileID: 8192039378369885631}
  - component: {fileID: 2257625576548345633}
  m_Layer: 0
  m_Name: Trampa1 (2)
  m_TagString: Murillo
  m_Icon: {fileID: 0}
  m_NavMeshLayer: 0
  m_StaticEditorFlags: 0
  m_IsActive: 1
--- !u!4 &1481773895293492158
Transform:
  m_ObjectHideFlags: 0
  m_CorrespondingSourceObject: {fileID: 0}
  m_PrefabInstance: {fileID: 0}
  m_PrefabAsset: {fileID: 0}
  m_GameObject: {fileID: 8532583580118851783}
  m_LocalRotation: {x: -0, y: -0, z: -0, w: 1}
  m_LocalPosition: {x: 8.574341, y: -17.721035, z: 0}
  m_LocalScale: {x: 1, y: 1, z: 1}
  m_Children: []
  m_Father: {fileID: 9016540611547901709}
  m_RootOrder: 8
  m_LocalEulerAnglesHint: {x: 0, y: 0, z: 0}
--- !u!212 &6159466439857702540
SpriteRenderer:
  m_ObjectHideFlags: 0
  m_CorrespondingSourceObject: {fileID: 0}
  m_PrefabInstance: {fileID: 0}
  m_PrefabAsset: {fileID: 0}
  m_GameObject: {fileID: 8532583580118851783}
  m_Enabled: 1
  m_CastShadows: 0
  m_ReceiveShadows: 0
  m_DynamicOccludee: 1
  m_MotionVectors: 1
  m_LightProbeUsage: 1
  m_ReflectionProbeUsage: 1
  m_RenderingLayerMask: 1
  m_RendererPriority: 0
  m_Materials:
  - {fileID: 10754, guid: 0000000000000000f000000000000000, type: 0}
  m_StaticBatchInfo:
    firstSubMesh: 0
    subMeshCount: 0
  m_StaticBatchRoot: {fileID: 0}
  m_ProbeAnchor: {fileID: 0}
  m_LightProbeVolumeOverride: {fileID: 0}
  m_ScaleInLightmap: 1
  m_ReceiveGI: 1
  m_PreserveUVs: 0
  m_IgnoreNormalsForChartDetection: 0
  m_ImportantGI: 0
  m_StitchLightmapSeams: 1
  m_SelectedEditorRenderState: 0
  m_MinimumChartSize: 4
  m_AutoUVMaxDistance: 0.5
  m_AutoUVMaxAngle: 89
  m_LightmapParameters: {fileID: 0}
  m_SortingLayerID: 0
  m_SortingLayer: 0
  m_SortingOrder: 0
  m_Sprite: {fileID: 21300000, guid: 585a6fc9cda0deb42bb8685b8eec8b6f, type: 3}
  m_Color: {r: 0.4433962, g: 0.4433962, b: 0.4433962, a: 1}
  m_FlipX: 0
  m_FlipY: 0
  m_DrawMode: 0
  m_Size: {x: 1, y: 1}
  m_AdaptiveModeThreshold: 0.5
  m_SpriteTileMode: 0
  m_WasSpriteAssigned: 1
  m_MaskInteraction: 0
  m_SpriteSortPoint: 0
--- !u!50 &8192039378369885631
Rigidbody2D:
  serializedVersion: 4
  m_ObjectHideFlags: 0
  m_CorrespondingSourceObject: {fileID: 0}
  m_PrefabInstance: {fileID: 0}
  m_PrefabAsset: {fileID: 0}
  m_GameObject: {fileID: 8532583580118851783}
  m_BodyType: 0
  m_Simulated: 1
  m_UseFullKinematicContacts: 0
  m_UseAutoMass: 0
  m_Mass: 1
  m_LinearDrag: 0
  m_AngularDrag: 0.05
  m_GravityScale: 1
  m_Material: {fileID: 0}
  m_Interpolate: 0
  m_SleepingMode: 1
  m_CollisionDetection: 0
  m_Constraints: 0
--- !u!61 &2257625576548345633
BoxCollider2D:
  m_ObjectHideFlags: 0
  m_CorrespondingSourceObject: {fileID: 0}
  m_PrefabInstance: {fileID: 0}
  m_PrefabAsset: {fileID: 0}
  m_GameObject: {fileID: 8532583580118851783}
  m_Enabled: 1
  m_Density: 1
  m_Material: {fileID: 0}
  m_IsTrigger: 0
  m_UsedByEffector: 0
  m_UsedByComposite: 0
  m_Offset: {x: 0, y: 0.14730835}
  m_SpriteTilingProperty:
    border: {x: 0, y: 0, z: 0, w: 0}
    pivot: {x: 0.5, y: 0.5}
    oldSize: {x: 1, y: 1}
    newSize: {x: 1, y: 1}
    adaptiveTilingThreshold: 0.5
    drawMode: 0
    adaptiveTiling: 0
  m_AutoTiling: 0
  serializedVersion: 2
  m_Size: {x: 1, y: 0.7053833}
  m_EdgeRadius: 0
--- !u!1001 &645639104176281273
PrefabInstance:
  m_ObjectHideFlags: 0
  serializedVersion: 2
  m_Modification:
    m_TransformParent: {fileID: 9016540611547901709}
    m_Modifications:
    - target: {fileID: 5983446721231425065, guid: 5ce4a9d95a301fd4db4efd396df3735c,
        type: 3}
      propertyPath: m_Name
      value: Trampa1 (9)
      objectReference: {fileID: 0}
    - target: {fileID: 3598652184516064592, guid: 5ce4a9d95a301fd4db4efd396df3735c,
        type: 3}
      propertyPath: m_LocalPosition.x
      value: -5.29327
      objectReference: {fileID: 0}
    - target: {fileID: 3598652184516064592, guid: 5ce4a9d95a301fd4db4efd396df3735c,
        type: 3}
      propertyPath: m_LocalPosition.y
      value: -17.721018
      objectReference: {fileID: 0}
    - target: {fileID: 3598652184516064592, guid: 5ce4a9d95a301fd4db4efd396df3735c,
        type: 3}
      propertyPath: m_LocalPosition.z
      value: 0.1328125
      objectReference: {fileID: 0}
    - target: {fileID: 3598652184516064592, guid: 5ce4a9d95a301fd4db4efd396df3735c,
        type: 3}
      propertyPath: m_LocalRotation.x
      value: -0
      objectReference: {fileID: 0}
    - target: {fileID: 3598652184516064592, guid: 5ce4a9d95a301fd4db4efd396df3735c,
        type: 3}
      propertyPath: m_LocalRotation.y
      value: -0
      objectReference: {fileID: 0}
    - target: {fileID: 3598652184516064592, guid: 5ce4a9d95a301fd4db4efd396df3735c,
        type: 3}
      propertyPath: m_LocalRotation.z
      value: -0
      objectReference: {fileID: 0}
    - target: {fileID: 3598652184516064592, guid: 5ce4a9d95a301fd4db4efd396df3735c,
        type: 3}
      propertyPath: m_LocalRotation.w
      value: 1
      objectReference: {fileID: 0}
    - target: {fileID: 3598652184516064592, guid: 5ce4a9d95a301fd4db4efd396df3735c,
        type: 3}
      propertyPath: m_RootOrder
      value: 14
      objectReference: {fileID: 0}
    - target: {fileID: 3598652184516064592, guid: 5ce4a9d95a301fd4db4efd396df3735c,
        type: 3}
      propertyPath: m_LocalEulerAnglesHint.x
      value: 0
      objectReference: {fileID: 0}
    - target: {fileID: 3598652184516064592, guid: 5ce4a9d95a301fd4db4efd396df3735c,
        type: 3}
      propertyPath: m_LocalEulerAnglesHint.y
      value: 0
      objectReference: {fileID: 0}
    - target: {fileID: 3598652184516064592, guid: 5ce4a9d95a301fd4db4efd396df3735c,
        type: 3}
      propertyPath: m_LocalEulerAnglesHint.z
      value: 0
      objectReference: {fileID: 0}
    - target: {fileID: 2613852687191466477, guid: 5ce4a9d95a301fd4db4efd396df3735c,
        type: 3}
      propertyPath: m_Offset.y
      value: 0.118769646
      objectReference: {fileID: 0}
    - target: {fileID: 2613852687191466477, guid: 5ce4a9d95a301fd4db4efd396df3735c,
        type: 3}
      propertyPath: m_Size.y
      value: 0.7624607
      objectReference: {fileID: 0}
    m_RemovedComponents: []
  m_SourcePrefab: {fileID: 100100000, guid: 5ce4a9d95a301fd4db4efd396df3735c, type: 3}
--- !u!1001 &1257779119578490338
PrefabInstance:
  m_ObjectHideFlags: 0
  serializedVersion: 2
  m_Modification:
    m_TransformParent: {fileID: 0}
    m_Modifications:
    - target: {fileID: 2187030340011280790, guid: 1baaaeb4384370143a7900eb41518ddd,
        type: 3}
      propertyPath: m_Name
      value: Pista2
      objectReference: {fileID: 0}
    - target: {fileID: 2187030340011280790, guid: 1baaaeb4384370143a7900eb41518ddd,
        type: 3}
      propertyPath: m_TagString
      value: pista2
      objectReference: {fileID: 0}
    - target: {fileID: 7806330916587113199, guid: 1baaaeb4384370143a7900eb41518ddd,
        type: 3}
      propertyPath: m_LocalPosition.x
      value: 31.51006
      objectReference: {fileID: 0}
    - target: {fileID: 7806330916587113199, guid: 1baaaeb4384370143a7900eb41518ddd,
        type: 3}
      propertyPath: m_LocalPosition.y
      value: -1.8291893
      objectReference: {fileID: 0}
    - target: {fileID: 7806330916587113199, guid: 1baaaeb4384370143a7900eb41518ddd,
        type: 3}
      propertyPath: m_LocalPosition.z
      value: -0.1328125
      objectReference: {fileID: 0}
    - target: {fileID: 7806330916587113199, guid: 1baaaeb4384370143a7900eb41518ddd,
        type: 3}
      propertyPath: m_LocalRotation.x
      value: 0
      objectReference: {fileID: 0}
    - target: {fileID: 7806330916587113199, guid: 1baaaeb4384370143a7900eb41518ddd,
        type: 3}
      propertyPath: m_LocalRotation.y
      value: 0
      objectReference: {fileID: 0}
    - target: {fileID: 7806330916587113199, guid: 1baaaeb4384370143a7900eb41518ddd,
        type: 3}
      propertyPath: m_LocalRotation.z
      value: 0
      objectReference: {fileID: 0}
    - target: {fileID: 7806330916587113199, guid: 1baaaeb4384370143a7900eb41518ddd,
        type: 3}
      propertyPath: m_LocalRotation.w
      value: 1
      objectReference: {fileID: 0}
    - target: {fileID: 7806330916587113199, guid: 1baaaeb4384370143a7900eb41518ddd,
        type: 3}
      propertyPath: m_RootOrder
      value: 0
      objectReference: {fileID: 0}
    - target: {fileID: 7806330916587113199, guid: 1baaaeb4384370143a7900eb41518ddd,
        type: 3}
      propertyPath: m_LocalEulerAnglesHint.x
      value: 0
      objectReference: {fileID: 0}
    - target: {fileID: 7806330916587113199, guid: 1baaaeb4384370143a7900eb41518ddd,
        type: 3}
      propertyPath: m_LocalEulerAnglesHint.y
      value: 0
      objectReference: {fileID: 0}
    - target: {fileID: 7806330916587113199, guid: 1baaaeb4384370143a7900eb41518ddd,
        type: 3}
      propertyPath: m_LocalEulerAnglesHint.z
      value: 0
      objectReference: {fileID: 0}
    - target: {fileID: 9147866592818350976, guid: 1baaaeb4384370143a7900eb41518ddd,
        type: 3}
      propertyPath: m_TagString
      value: Suelo
      objectReference: {fileID: 0}
    m_RemovedComponents: []
  m_SourcePrefab: {fileID: 100100000, guid: 1baaaeb4384370143a7900eb41518ddd, type: 3}
--- !u!1 &1093640167991733364 stripped
GameObject:
  m_CorrespondingSourceObject: {fileID: 2187030340011280790, guid: 1baaaeb4384370143a7900eb41518ddd,
    type: 3}
  m_PrefabInstance: {fileID: 1257779119578490338}
  m_PrefabAsset: {fileID: 0}
--- !u!4 &9016540611547901709 stripped
Transform:
  m_CorrespondingSourceObject: {fileID: 7806330916587113199, guid: 1baaaeb4384370143a7900eb41518ddd,
    type: 3}
  m_PrefabInstance: {fileID: 1257779119578490338}
  m_PrefabAsset: {fileID: 0}
--- !u!1001 &1258485521052004925
PrefabInstance:
  m_ObjectHideFlags: 0
  serializedVersion: 2
  m_Modification:
    m_TransformParent: {fileID: 9016540611547901709}
    m_Modifications:
    - target: {fileID: 1154270152515133916, guid: 7d8b6b420c7f9af4597f4b17a47bd8a9,
        type: 3}
      propertyPath: m_Name
      value: Murillo
      objectReference: {fileID: 0}
    - target: {fileID: 8584798711419607046, guid: 7d8b6b420c7f9af4597f4b17a47bd8a9,
        type: 3}
      propertyPath: m_LocalPosition.x
      value: -7.483597
      objectReference: {fileID: 0}
    - target: {fileID: 8584798711419607046, guid: 7d8b6b420c7f9af4597f4b17a47bd8a9,
        type: 3}
      propertyPath: m_LocalPosition.y
      value: -16.710812
      objectReference: {fileID: 0}
    - target: {fileID: 8584798711419607046, guid: 7d8b6b420c7f9af4597f4b17a47bd8a9,
        type: 3}
      propertyPath: m_LocalPosition.z
      value: 0.1328125
      objectReference: {fileID: 0}
    - target: {fileID: 8584798711419607046, guid: 7d8b6b420c7f9af4597f4b17a47bd8a9,
        type: 3}
      propertyPath: m_LocalRotation.x
      value: -0
      objectReference: {fileID: 0}
    - target: {fileID: 8584798711419607046, guid: 7d8b6b420c7f9af4597f4b17a47bd8a9,
        type: 3}
      propertyPath: m_LocalRotation.y
      value: -0
      objectReference: {fileID: 0}
    - target: {fileID: 8584798711419607046, guid: 7d8b6b420c7f9af4597f4b17a47bd8a9,
        type: 3}
      propertyPath: m_LocalRotation.z
      value: -0
      objectReference: {fileID: 0}
    - target: {fileID: 8584798711419607046, guid: 7d8b6b420c7f9af4597f4b17a47bd8a9,
        type: 3}
      propertyPath: m_LocalRotation.w
      value: 1
      objectReference: {fileID: 0}
    - target: {fileID: 8584798711419607046, guid: 7d8b6b420c7f9af4597f4b17a47bd8a9,
        type: 3}
      propertyPath: m_RootOrder
      value: 2
      objectReference: {fileID: 0}
    - target: {fileID: 8584798711419607046, guid: 7d8b6b420c7f9af4597f4b17a47bd8a9,
        type: 3}
      propertyPath: m_LocalEulerAnglesHint.x
      value: 0
      objectReference: {fileID: 0}
    - target: {fileID: 8584798711419607046, guid: 7d8b6b420c7f9af4597f4b17a47bd8a9,
        type: 3}
      propertyPath: m_LocalEulerAnglesHint.y
      value: 0
      objectReference: {fileID: 0}
    - target: {fileID: 8584798711419607046, guid: 7d8b6b420c7f9af4597f4b17a47bd8a9,
        type: 3}
      propertyPath: m_LocalEulerAnglesHint.z
      value: 0
      objectReference: {fileID: 0}
    m_RemovedComponents: []
  m_SourcePrefab: {fileID: 100100000, guid: 7d8b6b420c7f9af4597f4b17a47bd8a9, type: 3}
--- !u!1001 &1507474239581747750
PrefabInstance:
  m_ObjectHideFlags: 0
  serializedVersion: 2
  m_Modification:
    m_TransformParent: {fileID: 9016540611547901709}
    m_Modifications:
    - target: {fileID: 5983446721231425065, guid: 5ce4a9d95a301fd4db4efd396df3735c,
        type: 3}
      propertyPath: m_Name
      value: Trampa1
      objectReference: {fileID: 0}
    - target: {fileID: 3598652184516064592, guid: 5ce4a9d95a301fd4db4efd396df3735c,
        type: 3}
      propertyPath: m_LocalPosition.x
      value: 0.56
      objectReference: {fileID: 0}
    - target: {fileID: 3598652184516064592, guid: 5ce4a9d95a301fd4db4efd396df3735c,
        type: 3}
      propertyPath: m_LocalPosition.y
      value: -17.766008
      objectReference: {fileID: 0}
    - target: {fileID: 3598652184516064592, guid: 5ce4a9d95a301fd4db4efd396df3735c,
        type: 3}
      propertyPath: m_LocalPosition.z
      value: 0.1328125
      objectReference: {fileID: 0}
    - target: {fileID: 3598652184516064592, guid: 5ce4a9d95a301fd4db4efd396df3735c,
        type: 3}
      propertyPath: m_LocalRotation.x
      value: -0
      objectReference: {fileID: 0}
    - target: {fileID: 3598652184516064592, guid: 5ce4a9d95a301fd4db4efd396df3735c,
        type: 3}
      propertyPath: m_LocalRotation.y
      value: -0
      objectReference: {fileID: 0}
    - target: {fileID: 3598652184516064592, guid: 5ce4a9d95a301fd4db4efd396df3735c,
        type: 3}
      propertyPath: m_LocalRotation.z
      value: -0
      objectReference: {fileID: 0}
    - target: {fileID: 3598652184516064592, guid: 5ce4a9d95a301fd4db4efd396df3735c,
        type: 3}
      propertyPath: m_LocalRotation.w
      value: 1
      objectReference: {fileID: 0}
    - target: {fileID: 3598652184516064592, guid: 5ce4a9d95a301fd4db4efd396df3735c,
        type: 3}
      propertyPath: m_RootOrder
      value: 11
      objectReference: {fileID: 0}
    - target: {fileID: 3598652184516064592, guid: 5ce4a9d95a301fd4db4efd396df3735c,
        type: 3}
      propertyPath: m_LocalEulerAnglesHint.x
      value: 0
      objectReference: {fileID: 0}
    - target: {fileID: 3598652184516064592, guid: 5ce4a9d95a301fd4db4efd396df3735c,
        type: 3}
      propertyPath: m_LocalEulerAnglesHint.y
      value: 0
      objectReference: {fileID: 0}
    - target: {fileID: 3598652184516064592, guid: 5ce4a9d95a301fd4db4efd396df3735c,
        type: 3}
      propertyPath: m_LocalEulerAnglesHint.z
      value: 0
      objectReference: {fileID: 0}
    m_RemovedComponents: []
  m_SourcePrefab: {fileID: 100100000, guid: 5ce4a9d95a301fd4db4efd396df3735c, type: 3}
--- !u!1001 &1621059217572542351
PrefabInstance:
  m_ObjectHideFlags: 0
  serializedVersion: 2
  m_Modification:
    m_TransformParent: {fileID: 9016540611547901709}
    m_Modifications:
    - target: {fileID: 5983446721231425065, guid: 5ce4a9d95a301fd4db4efd396df3735c,
        type: 3}
      propertyPath: m_Name
      value: Trampa1 (7)
      objectReference: {fileID: 0}
    - target: {fileID: 3598652184516064592, guid: 5ce4a9d95a301fd4db4efd396df3735c,
        type: 3}
      propertyPath: m_LocalPosition.x
      value: 1.3312759
      objectReference: {fileID: 0}
    - target: {fileID: 3598652184516064592, guid: 5ce4a9d95a301fd4db4efd396df3735c,
        type: 3}
      propertyPath: m_LocalPosition.y
      value: -17.766008
      objectReference: {fileID: 0}
    - target: {fileID: 3598652184516064592, guid: 5ce4a9d95a301fd4db4efd396df3735c,
        type: 3}
      propertyPath: m_LocalPosition.z
      value: 0.1328125
      objectReference: {fileID: 0}
    - target: {fileID: 3598652184516064592, guid: 5ce4a9d95a301fd4db4efd396df3735c,
        type: 3}
      propertyPath: m_LocalRotation.x
      value: -0
      objectReference: {fileID: 0}
    - target: {fileID: 3598652184516064592, guid: 5ce4a9d95a301fd4db4efd396df3735c,
        type: 3}
      propertyPath: m_LocalRotation.y
      value: -0
      objectReference: {fileID: 0}
    - target: {fileID: 3598652184516064592, guid: 5ce4a9d95a301fd4db4efd396df3735c,
        type: 3}
      propertyPath: m_LocalRotation.z
      value: -0
      objectReference: {fileID: 0}
    - target: {fileID: 3598652184516064592, guid: 5ce4a9d95a301fd4db4efd396df3735c,
        type: 3}
      propertyPath: m_LocalRotation.w
      value: 1
      objectReference: {fileID: 0}
    - target: {fileID: 3598652184516064592, guid: 5ce4a9d95a301fd4db4efd396df3735c,
        type: 3}
      propertyPath: m_RootOrder
      value: 12
      objectReference: {fileID: 0}
    - target: {fileID: 3598652184516064592, guid: 5ce4a9d95a301fd4db4efd396df3735c,
        type: 3}
      propertyPath: m_LocalEulerAnglesHint.x
      value: 0
      objectReference: {fileID: 0}
    - target: {fileID: 3598652184516064592, guid: 5ce4a9d95a301fd4db4efd396df3735c,
        type: 3}
      propertyPath: m_LocalEulerAnglesHint.y
      value: 0
      objectReference: {fileID: 0}
    - target: {fileID: 3598652184516064592, guid: 5ce4a9d95a301fd4db4efd396df3735c,
        type: 3}
      propertyPath: m_LocalEulerAnglesHint.z
      value: 0
      objectReference: {fileID: 0}
    m_RemovedComponents: []
  m_SourcePrefab: {fileID: 100100000, guid: 5ce4a9d95a301fd4db4efd396df3735c, type: 3}
--- !u!1001 &2129467231926396331
PrefabInstance:
  m_ObjectHideFlags: 0
  serializedVersion: 2
  m_Modification:
    m_TransformParent: {fileID: 9016540611547901709}
    m_Modifications:
    - target: {fileID: 5983446721231425065, guid: 5ce4a9d95a301fd4db4efd396df3735c,
        type: 3}
      propertyPath: m_Name
      value: Trampa1 (10)
      objectReference: {fileID: 0}
    - target: {fileID: 3598652184516064592, guid: 5ce4a9d95a301fd4db4efd396df3735c,
        type: 3}
      propertyPath: m_LocalPosition.x
      value: -4.498356
      objectReference: {fileID: 0}
    - target: {fileID: 3598652184516064592, guid: 5ce4a9d95a301fd4db4efd396df3735c,
        type: 3}
      propertyPath: m_LocalPosition.y
      value: -17.721018
      objectReference: {fileID: 0}
    - target: {fileID: 3598652184516064592, guid: 5ce4a9d95a301fd4db4efd396df3735c,
        type: 3}
      propertyPath: m_LocalPosition.z
      value: 0.1328125
      objectReference: {fileID: 0}
    - target: {fileID: 3598652184516064592, guid: 5ce4a9d95a301fd4db4efd396df3735c,
        type: 3}
      propertyPath: m_LocalRotation.x
      value: -0
      objectReference: {fileID: 0}
    - target: {fileID: 3598652184516064592, guid: 5ce4a9d95a301fd4db4efd396df3735c,
        type: 3}
      propertyPath: m_LocalRotation.y
      value: -0
      objectReference: {fileID: 0}
    - target: {fileID: 3598652184516064592, guid: 5ce4a9d95a301fd4db4efd396df3735c,
        type: 3}
      propertyPath: m_LocalRotation.z
      value: -0
      objectReference: {fileID: 0}
    - target: {fileID: 3598652184516064592, guid: 5ce4a9d95a301fd4db4efd396df3735c,
        type: 3}
      propertyPath: m_LocalRotation.w
      value: 1
      objectReference: {fileID: 0}
    - target: {fileID: 3598652184516064592, guid: 5ce4a9d95a301fd4db4efd396df3735c,
        type: 3}
      propertyPath: m_RootOrder
      value: 15
      objectReference: {fileID: 0}
    - target: {fileID: 3598652184516064592, guid: 5ce4a9d95a301fd4db4efd396df3735c,
        type: 3}
      propertyPath: m_LocalEulerAnglesHint.x
      value: 0
      objectReference: {fileID: 0}
    - target: {fileID: 3598652184516064592, guid: 5ce4a9d95a301fd4db4efd396df3735c,
        type: 3}
      propertyPath: m_LocalEulerAnglesHint.y
      value: 0
      objectReference: {fileID: 0}
    - target: {fileID: 3598652184516064592, guid: 5ce4a9d95a301fd4db4efd396df3735c,
        type: 3}
      propertyPath: m_LocalEulerAnglesHint.z
      value: 0
      objectReference: {fileID: 0}
    m_RemovedComponents: []
  m_SourcePrefab: {fileID: 100100000, guid: 5ce4a9d95a301fd4db4efd396df3735c, type: 3}
--- !u!1001 &3115115350841119719
PrefabInstance:
  m_ObjectHideFlags: 0
  serializedVersion: 2
  m_Modification:
    m_TransformParent: {fileID: 9016540611547901709}
    m_Modifications:
    - target: {fileID: 5983446721231425065, guid: 5ce4a9d95a301fd4db4efd396df3735c,
        type: 3}
      propertyPath: m_Name
      value: Trampa1 (8)
      objectReference: {fileID: 0}
    - target: {fileID: 3598652184516064592, guid: 5ce4a9d95a301fd4db4efd396df3735c,
        type: 3}
      propertyPath: m_LocalPosition.x
      value: 2.1564445
      objectReference: {fileID: 0}
    - target: {fileID: 3598652184516064592, guid: 5ce4a9d95a301fd4db4efd396df3735c,
        type: 3}
      propertyPath: m_LocalPosition.y
      value: -17.76
      objectReference: {fileID: 0}
    - target: {fileID: 3598652184516064592, guid: 5ce4a9d95a301fd4db4efd396df3735c,
        type: 3}
      propertyPath: m_LocalPosition.z
      value: 0.1328125
      objectReference: {fileID: 0}
    - target: {fileID: 3598652184516064592, guid: 5ce4a9d95a301fd4db4efd396df3735c,
        type: 3}
      propertyPath: m_LocalRotation.x
      value: -0
      objectReference: {fileID: 0}
    - target: {fileID: 3598652184516064592, guid: 5ce4a9d95a301fd4db4efd396df3735c,
        type: 3}
      propertyPath: m_LocalRotation.y
      value: -0
      objectReference: {fileID: 0}
    - target: {fileID: 3598652184516064592, guid: 5ce4a9d95a301fd4db4efd396df3735c,
        type: 3}
      propertyPath: m_LocalRotation.z
      value: -0
      objectReference: {fileID: 0}
    - target: {fileID: 3598652184516064592, guid: 5ce4a9d95a301fd4db4efd396df3735c,
        type: 3}
      propertyPath: m_LocalRotation.w
      value: 1
      objectReference: {fileID: 0}
    - target: {fileID: 3598652184516064592, guid: 5ce4a9d95a301fd4db4efd396df3735c,
        type: 3}
      propertyPath: m_RootOrder
      value: 13
      objectReference: {fileID: 0}
    - target: {fileID: 3598652184516064592, guid: 5ce4a9d95a301fd4db4efd396df3735c,
        type: 3}
      propertyPath: m_LocalEulerAnglesHint.x
      value: 0
      objectReference: {fileID: 0}
    - target: {fileID: 3598652184516064592, guid: 5ce4a9d95a301fd4db4efd396df3735c,
        type: 3}
      propertyPath: m_LocalEulerAnglesHint.y
      value: 0
      objectReference: {fileID: 0}
    - target: {fileID: 3598652184516064592, guid: 5ce4a9d95a301fd4db4efd396df3735c,
        type: 3}
      propertyPath: m_LocalEulerAnglesHint.z
      value: 0
      objectReference: {fileID: 0}
    m_RemovedComponents: []
  m_SourcePrefab: {fileID: 100100000, guid: 5ce4a9d95a301fd4db4efd396df3735c, type: 3}
--- !u!1001 &3921846046080306656
PrefabInstance:
  m_ObjectHideFlags: 0
  serializedVersion: 2
  m_Modification:
    m_TransformParent: {fileID: 9016540611547901709}
    m_Modifications:
    - target: {fileID: 2817288718168137041, guid: a11f3a67e3295e44bb69ec08b7a23477,
        type: 3}
      propertyPath: m_Name
      value: MuroAlto
      objectReference: {fileID: 0}
    - target: {fileID: 6078205837828297756, guid: a11f3a67e3295e44bb69ec08b7a23477,
        type: 3}
      propertyPath: m_LocalPosition.x
      value: 4.2399406
      objectReference: {fileID: 0}
    - target: {fileID: 6078205837828297756, guid: a11f3a67e3295e44bb69ec08b7a23477,
        type: 3}
      propertyPath: m_LocalPosition.y
      value: -9.880811
      objectReference: {fileID: 0}
    - target: {fileID: 6078205837828297756, guid: a11f3a67e3295e44bb69ec08b7a23477,
        type: 3}
      propertyPath: m_LocalPosition.z
      value: 0.1328125
      objectReference: {fileID: 0}
    - target: {fileID: 6078205837828297756, guid: a11f3a67e3295e44bb69ec08b7a23477,
        type: 3}
      propertyPath: m_LocalRotation.x
      value: -0
      objectReference: {fileID: 0}
    - target: {fileID: 6078205837828297756, guid: a11f3a67e3295e44bb69ec08b7a23477,
        type: 3}
      propertyPath: m_LocalRotation.y
      value: -0
      objectReference: {fileID: 0}
    - target: {fileID: 6078205837828297756, guid: a11f3a67e3295e44bb69ec08b7a23477,
        type: 3}
      propertyPath: m_LocalRotation.z
      value: -0
      objectReference: {fileID: 0}
    - target: {fileID: 6078205837828297756, guid: a11f3a67e3295e44bb69ec08b7a23477,
        type: 3}
      propertyPath: m_LocalRotation.w
      value: 1
      objectReference: {fileID: 0}
    - target: {fileID: 6078205837828297756, guid: a11f3a67e3295e44bb69ec08b7a23477,
        type: 3}
      propertyPath: m_RootOrder
      value: 4
      objectReference: {fileID: 0}
    - target: {fileID: 6078205837828297756, guid: a11f3a67e3295e44bb69ec08b7a23477,
        type: 3}
      propertyPath: m_LocalEulerAnglesHint.x
      value: 0
      objectReference: {fileID: 0}
    - target: {fileID: 6078205837828297756, guid: a11f3a67e3295e44bb69ec08b7a23477,
        type: 3}
      propertyPath: m_LocalEulerAnglesHint.y
      value: 0
      objectReference: {fileID: 0}
    - target: {fileID: 6078205837828297756, guid: a11f3a67e3295e44bb69ec08b7a23477,
        type: 3}
      propertyPath: m_LocalEulerAnglesHint.z
      value: 0
      objectReference: {fileID: 0}
    m_RemovedComponents: []
  m_SourcePrefab: {fileID: 100100000, guid: a11f3a67e3295e44bb69ec08b7a23477, type: 3}
--- !u!1001 &6248013638025361467
PrefabInstance:
  m_ObjectHideFlags: 0
  serializedVersion: 2
  m_Modification:
    m_TransformParent: {fileID: 9016540611547901709}
    m_Modifications:
    - target: {fileID: 5983446721231425065, guid: 5ce4a9d95a301fd4db4efd396df3735c,
        type: 3}
      propertyPath: m_Name
      value: Trampa1 (11)
      objectReference: {fileID: 0}
    - target: {fileID: 3598652184516064592, guid: 5ce4a9d95a301fd4db4efd396df3735c,
        type: 3}
      propertyPath: m_LocalPosition.x
      value: -3.7034435
      objectReference: {fileID: 0}
    - target: {fileID: 3598652184516064592, guid: 5ce4a9d95a301fd4db4efd396df3735c,
        type: 3}
      propertyPath: m_LocalPosition.y
      value: -17.721018
      objectReference: {fileID: 0}
    - target: {fileID: 3598652184516064592, guid: 5ce4a9d95a301fd4db4efd396df3735c,
        type: 3}
      propertyPath: m_LocalPosition.z
      value: 0.1328125
      objectReference: {fileID: 0}
    - target: {fileID: 3598652184516064592, guid: 5ce4a9d95a301fd4db4efd396df3735c,
        type: 3}
      propertyPath: m_LocalRotation.x
      value: -0
      objectReference: {fileID: 0}
    - target: {fileID: 3598652184516064592, guid: 5ce4a9d95a301fd4db4efd396df3735c,
        type: 3}
      propertyPath: m_LocalRotation.y
      value: -0
      objectReference: {fileID: 0}
    - target: {fileID: 3598652184516064592, guid: 5ce4a9d95a301fd4db4efd396df3735c,
        type: 3}
      propertyPath: m_LocalRotation.z
      value: -0
      objectReference: {fileID: 0}
    - target: {fileID: 3598652184516064592, guid: 5ce4a9d95a301fd4db4efd396df3735c,
        type: 3}
      propertyPath: m_LocalRotation.w
      value: 1
      objectReference: {fileID: 0}
    - target: {fileID: 3598652184516064592, guid: 5ce4a9d95a301fd4db4efd396df3735c,
        type: 3}
      propertyPath: m_RootOrder
      value: 16
      objectReference: {fileID: 0}
    - target: {fileID: 3598652184516064592, guid: 5ce4a9d95a301fd4db4efd396df3735c,
        type: 3}
      propertyPath: m_LocalEulerAnglesHint.x
      value: 0
      objectReference: {fileID: 0}
    - target: {fileID: 3598652184516064592, guid: 5ce4a9d95a301fd4db4efd396df3735c,
        type: 3}
      propertyPath: m_LocalEulerAnglesHint.y
      value: 0
      objectReference: {fileID: 0}
    - target: {fileID: 3598652184516064592, guid: 5ce4a9d95a301fd4db4efd396df3735c,
        type: 3}
      propertyPath: m_LocalEulerAnglesHint.z
      value: 0
      objectReference: {fileID: 0}
    m_RemovedComponents: []
  m_SourcePrefab: {fileID: 100100000, guid: 5ce4a9d95a301fd4db4efd396df3735c, type: 3}
--- !u!1001 &9061316693586937954
PrefabInstance:
  m_ObjectHideFlags: 0
  serializedVersion: 2
  m_Modification:
    m_TransformParent: {fileID: 9016540611547901709}
    m_Modifications:
    - target: {fileID: 137884953658149194, guid: d126061b0c7050d47936520ffa8ffcfd,
        type: 3}
      propertyPath: m_Name
      value: MuroMedio
      objectReference: {fileID: 0}
    - target: {fileID: 2655465566066323280, guid: d126061b0c7050d47936520ffa8ffcfd,
        type: 3}
      propertyPath: m_LocalPosition.x
      value: -1.518898
      objectReference: {fileID: 0}
    - target: {fileID: 2655465566066323280, guid: d126061b0c7050d47936520ffa8ffcfd,
        type: 3}
      propertyPath: m_LocalPosition.y
      value: -14.140811
      objectReference: {fileID: 0}
    - target: {fileID: 2655465566066323280, guid: d126061b0c7050d47936520ffa8ffcfd,
        type: 3}
      propertyPath: m_LocalPosition.z
      value: 0.1328125
      objectReference: {fileID: 0}
    - target: {fileID: 2655465566066323280, guid: d126061b0c7050d47936520ffa8ffcfd,
        type: 3}
      propertyPath: m_LocalRotation.x
      value: -0
      objectReference: {fileID: 0}
    - target: {fileID: 2655465566066323280, guid: d126061b0c7050d47936520ffa8ffcfd,
        type: 3}
      propertyPath: m_LocalRotation.y
      value: -0
      objectReference: {fileID: 0}
    - target: {fileID: 2655465566066323280, guid: d126061b0c7050d47936520ffa8ffcfd,
        type: 3}
      propertyPath: m_LocalRotation.z
      value: -0
      objectReference: {fileID: 0}
    - target: {fileID: 2655465566066323280, guid: d126061b0c7050d47936520ffa8ffcfd,
        type: 3}
      propertyPath: m_LocalRotation.w
      value: 1
      objectReference: {fileID: 0}
    - target: {fileID: 2655465566066323280, guid: d126061b0c7050d47936520ffa8ffcfd,
        type: 3}
      propertyPath: m_RootOrder
      value: 3
      objectReference: {fileID: 0}
    - target: {fileID: 2655465566066323280, guid: d126061b0c7050d47936520ffa8ffcfd,
        type: 3}
      propertyPath: m_LocalEulerAnglesHint.x
      value: 0
      objectReference: {fileID: 0}
    - target: {fileID: 2655465566066323280, guid: d126061b0c7050d47936520ffa8ffcfd,
        type: 3}
      propertyPath: m_LocalEulerAnglesHint.y
      value: 0
      objectReference: {fileID: 0}
    - target: {fileID: 2655465566066323280, guid: d126061b0c7050d47936520ffa8ffcfd,
        type: 3}
      propertyPath: m_LocalEulerAnglesHint.z
      value: 0
      objectReference: {fileID: 0}
    m_RemovedComponents: []
  m_SourcePrefab: {fileID: 100100000, guid: d126061b0c7050d47936520ffa8ffcfd, type: 3}
